% !TEX root = ./main.tex

% Tag protocol: <first author lname><year><first word><Initials>
%   Usually Semantic Scholar citations are great!
%   - Sort by name, then year (ascending), then the rest (first word, etc.)

@article{Arandjelovi2013AllAV,
    title={All About VLAD},
    author={Relja Arandjelovi{\'c} and Andrew Zisserman},
    journal={2013 IEEE Conference on Computer Vision and Pattern Recognition},
    year={2013},
    pages={1578-1585},
    url={https://api.semanticscholar.org/CorpusID:9496819}
}

@article{Keetha2023AnyLocTU,
    title={AnyLoc: Towards Universal Visual Place Recognition},
    author={Nikhil Varma Keetha and Avneesh Mishra and Jay Karhade and Krishna Murthy Jatavallabhula and Sebastian A. Scherer and M. Krishna and Sourav Garg},
    journal={IEEE Robotics and Automation Letters},
    year={2023},
    volume={9},
    pages={1286-1293},
    url={https://api.semanticscholar.org/CorpusID:260351368}
}

@article{Oquab2023DINOv2LR,
    title={DINOv2: Learning Robust Visual Features without Supervision},
    author={Maxime Oquab and Timoth'ee Darcet and Th{\'e}o Moutakanni and Huy Q. Vo and Marc Szafraniec and Vasil Khalidov and Pierre Fernandez and Daniel Haziza and Francisco Massa and Alaaeldin El-Nouby and Mahmoud Assran and Nicolas Ballas and Wojciech Galuba and Russ Howes and Po-Yao (Bernie) Huang and Shang-Wen Li and Ishan Misra and Michael G. Rabbat and Vasu Sharma and Gabriel Synnaeve and Huijiao Xu and Herv{\'e} J{\'e}gou and Julien Mairal and Patrick Labatut and Armand Joulin and Piotr Bojanowski},
    journal={ArXiv},
    year={2023},
    volume={abs/2304.07193},
    url={https://api.semanticscholar.org/CorpusID:258170077}
}

@article{Radenovic2017FineTuningCI,
    title={Fine-Tuning CNN Image Retrieval with No Human Annotation},
    author={Filip Radenovic and Giorgos Tolias and Ond≈ôej Chum},
    journal={IEEE Transactions on Pattern Analysis and Machine Intelligence},
    year={2017},
    volume={41},
    pages={1655-1668},
    url={https://api.semanticscholar.org/CorpusID:6426453}
}
