% !TEX root = ./main.tex

@article{Authors06,
    author = {Authors},
    title = {The frobnicatable foo filter},
    note = {ECCV06 submission ID 324. Supplied as additional material {\tt eccv06.pdf}},
    year = 2006
}
